<record><leader>00000cas a22000007a 4500</leader><controlfield tag="001">27396151</controlfield><controlfield tag="008">930208d189u190ucaucr ne      0    0eng d</controlfield><datafield ind1=" " ind2=" " tag="010"><subfield code="a">sn 93053000 </subfield></datafield><datafield ind1=" " ind2=" " tag="040"><subfield code="a">CNK</subfield><subfield code="b">eng</subfield><subfield code="c">CNK</subfield><subfield code="d">OCLCQ</subfield><subfield code="d">OCLCF</subfield><subfield code="d">OCLCO</subfield></datafield><datafield ind1=" " ind2=" " tag="042"><subfield code="a">msc</subfield></datafield><datafield ind1=" " ind2=" " tag="043"><subfield code="a">n-us-ca</subfield></datafield><datafield ind1="0" ind2="0" tag="245"><subfield code="a">Chico semi-weekly record.</subfield></datafield><datafield ind1=" " ind2=" " tag="260"><subfield code="a">Chico, Butte County, Cal. :</subfield><subfield code="b">Richards &amp; Deuel</subfield></datafield><datafield ind1=" " ind2=" " tag="300"><subfield code="a">v.</subfield></datafield><datafield ind1=" " ind2=" " tag="310"><subfield code="a">Semiweekly</subfield></datafield><datafield ind1=" " ind2=" " tag="588"><subfield code="a">Description based on: Vol. 44, no. 22 (Apr. 5, 1898).</subfield></datafield><datafield ind1=" " ind2="0" tag="651"><subfield code="a">Chico (Calif.)</subfield><subfield code="v">Newspapers.</subfield></datafield><datafield ind1=" " ind2="7" tag="655"><subfield code="a">Newspapers.</subfield><subfield code="2">fast</subfield><subfield code="0">(OCoLC)fst01423814</subfield></datafield><datafield ind1=" " ind2="7" tag="651"><subfield code="a">California</subfield><subfield code="z">Chico.</subfield><subfield code="2">fast</subfield><subfield code="0">(OCoLC)fst01207020</subfield></datafield><datafield ind1=" " ind2=" " tag="752"><subfield code="a">United States</subfield><subfield code="b">California</subfield><subfield code="c">Butte</subfield><subfield code="d">Chico.</subfield></datafield><datafield ind1="0" ind2=" " tag="775"><subfield code="t">Chico daily record</subfield><subfield code="w">(DLC)sn 93052034</subfield></datafield><datafield ind1="0" ind2=" " tag="775"><subfield code="t">Chico daily morning record</subfield><subfield code="w">(DLC)sn 93052033</subfield></datafield><datafield ind1="0" ind2=" " tag="775"><subfield code="t">Chico record</subfield><subfield code="w">(DLC)sn 93053006</subfield></datafield></record>